@inproceedings{calsavara2018metodo,
  title        = {M{\'e}todo baseado nos Referenciais de Forma{\c{c}}{\~a}o da SBC para reestrutura{\c{c}}{\~a}o de descritivos de disciplinas de Ci{\^e}ncia da Computa{\c{c}}{\~a}o em conformidade com as DCN de 2016},
  author       = {Calsavara, Alcides and Serra, Ana Paula Gon{\c{c}}alves and de Assis Zampirolli, Francisco and de Carvalho, Leandro Silva Galv{\~a}o and Jonathan, Miguel and Correia, Ronaldo Celso Messias},
  booktitle    = {Anais do XXVI Workshop sobre Educa{\c{c}}{\~a}o em Computa{\c{c}}{\~a}o},
  year         = {2018},
  url          = {https://sol.sbc.org.br/index.php/wei/article/view/3517},
  organization = {SBC}
}

@inproceedings{SisGRAFO92,
  author  = {Marcos Negreiros Gomes and Francisco Negreiros Gomes and Francisco de Assis Zampirolli},
  title   = {{SISGRAFO}, A Graphical Interactive System for Solving Graph Optimization Problems ({P}art {I}-System Especifications)},
  journal = {VI CLAIO, México},
  year    = {1992}
}

@inproceedings{SisGRAFO92b,
  author  = {Marcos Negreiros Gomes and Francisco Negreiros Gomes and Francisco de Assis Zampirolli},
  title   = {{SisGRAFO}, Um Sistema Interativo Gráfico para Resolver Problemas de Otimização Combinatória ({P}arte 1 - Especificações do Sistema)},
  journal = {XXIV Simpósio Brasileiro de Pesquisa Operacional (SBPO), Salvador},
  pages   = {273-278},
  year    = {1992}
}

@inproceedings{barrera1997morphological,
  title        = {Morphological operators characterized by neighborhood graphs},
  author       = {Junior Barrera and Francisco de Assis Zampirolli and Roberto de Alencar Lotufo},
  journal      = {Proceedings X Brazilian Symposium on Computer Graphics and Image Processing},
  pages        = {179--186},
  year         = {1997},
  url          = {https://ieeexplore.ieee.org/document/625172},
  organization = {IEEE}
}        

@article{de2008neighborhood,
  title   = {Neighborhood graphs built with morphological operators},
  author  = {Francisco de Assis Zampirolli},
  journal = {Revista de Inform{\'a}tica Aplicada},
  volume  = {4},
  number  = {2},
  url     = {https://seer.uscs.edu.br/index.php/revista_informatica_aplicada/article/view/309},
  year    = {2008}
}

@inproceedings{barrera1998ocr,
  title        = {{OCR} based on mathematical morphology},
  author       = {Junior Barrera and Routo Terada and Roberto de Alencar Lotufo and Nina Sumiko Tomita Hirata and Roberto Hirata Jr and  Francisco de Assis Zampirolli},
  journal      = {Nonlinear Image Processing IX},
  volume       = {3304},
  pages        = {197--208},
  year         = {1998},
  url          = {http://dx.doi.org/10.1117/12.304600},
  organization = {SPIE}
}

@inproceedings{lotufo1997MMachLib,
  title   = {{MM}ach{L}ib functions and {MM}ach operators},
  author  = {Roberto de Alencar Lotufo and  Francisco de Assis Zampirolli and  Roberto Hirata Jr and Junior Barrera},
  journal = {Brazilian Workshop on Mathematical Morphology},
  year    = {1997},
  url     = {http://gjfb0520.sid.inpe.br/col/dpi.inpe.br/banon/2001/02.23.19.23/doc/@index.html}
}

@inproceedings{zampirolli1997graph,
  title   = {Tutorial on mathematical morphology using graphs.},
  author  = {Francisco de Assis Zampirolli},
  journal = {Brazilian Workshop on Mathematical Morphology},
  year    = {1997},
  url     = {http://gjfb0520.sid.inpe.br/col/dpi.inpe.br/banon/2001/02.23.19.23/doc/@index.html}
}


@inproceedings{rittner2011adessowiki,
  author    = {Leticia Rittner and Andre V Saude and Alexandre G Silva and Rubens C Machado and Mariana P Bento and Roberto de Alencar Lotufo},
  booktitle = {2011 24th SIBGRAPI Conference on Graphics, Patterns, and Images Tutorials},
  title     = {Adessowiki: Collaborative Scientific Programming Environment},
  year      = {2011},
  volume    = {},
  number    = {},
  pages     = {56-62},
  url       = {https://doi.org/10.1109/SIBGRAPI-T.2011.12}
}


@article{machado2011adessowiki,
  title     = {Adessowiki-Collaborative platform for writing executable papers},
  author    = {Rubens C Machado and Leticia Rittner and Roberto de A Lotufo},
  journal   = {Procedia Computer Science},
  volume    = {4},
  pages     = {759--767},
  year      = {2011},
  url       = {https://doi.org/10.1016/j.procs.2011.04.080},
  publisher = {Elsevier}
}

@book{dougherty2003hands,
  title     = {Hands-on morphological image processing},
  author    = {Edward R Dougherty and Roberto de Alencar Lotufo},
  volume    = {59},
  year      = {2003},
  url       = {https://doi.org/10.1117/3.501104},
  publisher = {SPIE press}
}

@inproceedings{zampirolli2000classification,
  title        = {Classification of the distance transformation algorithms under the mathematical morphology approach},
  author       = {Francisco de Assis Zampirolli and Roberto de Alencar Lotufo},
  journal      = {Proceedings 13th Brazilian Symposium on Computer Graphics and Image Processing (Cat. No. PR00878)},
  pages        = {292--299},
  year         = {2000},
  url          = {https://doi.org/10.1109/SIBGRA.2000.883925},
  organization = {IEEE}
}

@article{zampirolli2000algoritmos,
  title   = {Algoritmos rápidos para a transformada distância Euclidiana baseados em morfologia matemática},
  author  = {Francisco de Assis Zampirolli and Roberto de Alencar Lotufo},
  journal = {I WAICV},
  year    = {2000}
}

@inproceedings{lotufo2000fast,
  title        = {Fast euclidean distance transform using a graph-search algorithm},
  author       = {Roberto de Alencar Lotufo and Alexandre A Falcao and Francisco de Assis Zampirolli},
  journal      = {Proceedings 13th Brazilian Symposium on Computer Graphics and Image Processing (Cat. No. PR00878)},
  pages        = {269--275},
  year         = {2000},
  url          = {https://doi.org/10.1109/SIBGRA.2000.883922},
  organization = {IEEE}
}

@inproceedings{lotufo2001fast,
  title        = {Fast multidimensional parallel Euclidean distance transform based on mathematical morphology},
  author       = {Roberto de Alencar Lotufo and Francisco de Assis Zampirolli},
  journal      = {Proceedings XIV Brazilian Symposium on Computer Graphics and Image Processing},
  pages        = {100--105},
  year         = {2001},
  url          = {https://doi.org/10.1109/SIBGRAPI.2001.963043},
  organization = {IEEE}
}

@inproceedings{lotufo2002ift,
  title        = {IFT-watershed from gray-scale marker},
  author       = {Roberto de Alencar Lotufo and Alexandre A Falcao and Francisco de Assis Zampirolli},
  journal      = {Proceedings. XV Brazilian Symposium on Computer Graphics and Image Processing},
  pages        = {146--152},
  year         = {2002},
  url          = {https://doi.org/10.1109/SIBGRA.2002.1167137},
  organization = {IEEE}
}


@article{zampirolli2005algoritmos,
  title   = {Propagação Direcional para Processamento de Imagens},
  author  = {Francisco de Assis Zampirolli and Roberto de Alencar Lotufo and Lucas P Trias},
  journal = {5th Latin American Conference on Pattern Languages of Programming (Sugarloaf Plop)},
  pages   = {106-113},
  year    = {2005}
}

@inproceedings{yamamoto2005interdisciplinaridade,
  title   = {Interdisciplinaridade no ensino de ci{\^e}ncia da computa{\c{c}}ao},
  author  = {Flavio S Yamamoto and Aldy F da Silva and Jefferson Zanutto and Francisco de Assis Zampirolli},
  journal = {Anais do XXV Congresso da SBC, Unisinos, S{\~a}o Leopoldo, RS},
  url     = {https://www.researchgate.net/profile/Flavio-Yamamoto/publication/228639990_Interdisciplinaridade_no_Ensino_de_Ciencia_da_Computacao/links/0deec521e3803a956d000000/Interdisciplinaridade-no-Ensino-de-Ciencia-da-Computacao.pdf},
  year    = {2005}
}

@article{trias2005toolbox,
  title   = {Toolbox de Morfologia Matemática usando {JAI} e {B}ean{S}hell},
  author  = {Lucas P Trias and Francisco de Assis Zampirolli},
  journal = {II ENCONTRO DE PESQUISA E EXTENSÃO, Centro Universitário Senac},
  year    = {2005}
}

@article{trias2005toolbox2,
  title   = {Toolbox de Morfologia Matemática usando {JAI} e {B}ean{S}hell},
  author  = {Lucas P Trias and Francisco de Assis Zampirolli},
  journal = {SIICUSP},
  year    = {2005}
}

@article{trias2005toolbox3,
  title   = {Toolbox de Morfologia Matemática usando {JAI} e {B}ean{S}hell},
  author  = {Lucas P Trias and Francisco de Assis Zampirolli},
  journal = {CNMAC},
  year    = {2005}
}

@article{zampirolli2005ads,
  title   = {Ambiente de Desenvolvimento de Software ({ADS})},
  author  = {Francisco de Assis Zampirolli and Márcio Alexandre de Souza Silva},
  journal = {II ENCONTRO DE PESQUISA E EXTENSÃO, Centro Universitário Senac},
  year    = {2005}
}

@article{trias2006scripts,
  title   = {Estudo e aplicação de Padrões de Projeto a Ambientes de Scripts},
  author  = {Lucas P Trias and Francisco de Assis Zampirolli},
  journal = {Encontro de Iniciação Científica do Centro Universitário Senac},
  year    = {2006}
}
    
@article{zampirolli2003independent,
  title  = {An Independent Language for Morphological Operations},
  author = {Francisco de Assis Zampirolli and Roberto de Alencar Lotufo and Rubens C Machado},
  url    = {http://gjfb0520.sid.inpe.br/col/dpi.inpe.br/banon/2001/08.08.10.48/doc/zampirolli.pdf?metadatarepository=dpi.inpe.br/banon/2001/08.08.10.48.44&mirror=dpi.inpe.br/banon/2001/02.23.19.23.10},
  year   = {2003}
}

@article{zampirolli2006independent,
  title   = {Algoritmos Morfológicos escritos em XML},
  author  = {Francisco de Assis Zampirolli and Roberto de Alencar Lotufo and Rubens C Machado},
  journal = {XML: Aplicações e Tecnologias Associadas (XATA)},
  url     = {http://xata.fe.up.pt/2006/programa.html},
  year    = {2006}
}

@article{zampirolli2003transformada,
  title   = {Transformada de dist{\^a}ncia por morfologia matem{\'a}tica},
  author  = {Francisco de Assis Zampirolli},
  journal = {Doutor, Universidade Estadual de Campinas, Faculdade de Engenharia El{\'e}trica e de Computa{\c{c}}ao, Campinas, SP, Brasil},
  url     = {https://hdl.handle.net/20.500.12733/1594454},
  year    = {2003}
}

@article{zampirolli2007modeling,
  title   = {Modeling of the Cells Architecture using Morphology in Graphs},
  author  = {Francisco de Assis Zampirolli and Beatriz Stransky and Rogerio de Rizzio and Nestor Walter Trepode and Junior Barrera},
  journal = {Conference of the Brazilian Association for Bioinformatics and Computational Biology (X-Meeting)},
  year    = {2007}
}

@article{rizzio2007multiscale,
  title   = {A multiscale model of eukaryotic cell population dynamics},
  author  = {Rogerio de Rizzio and Beatriz Stransky and Francisco de Assis Zampirolli and Nestor Walter Trepode and Junior Barrera},
  journal = {Conference of the Brazilian Association for Bioinformatics and Computational Biology (X-Meeting)},
  year    = {2007}
}

@article{zampirolli1997operadores,
  title   = {Operadores morfológicos baseados em grafos de vizinhança uma extensão da MMach toolbox},
  author  = {Francisco de Assis Zampirolli},
  journal = {Mestre, Universidade de São Paulo, Instituto de Matemática e Estatística, São Paulo, SP, Brasil},
  url     = {https://teses.usp.br/teses/disponiveis/45/45132/tde-20210729-013734/pt-br.php},
  year    = {1997}
}

@article{zampirolli1996operadores,
  title   = {Morphological operators based on neighborhood graph: An extension of the MMach toolbox},
  author  = {Francisco de Assis Zampirolli},
  journal = {Brazilian Workshop'96 on Mathematical Morphology (BWMM)},
  url     = {http://gjfb0520.sid.inpe.br/col/dpi.inpe.br/banon/1995/11.22.16.10/doc/tag.html},
  year    = {1996}
}

@inproceedings{zampirolli2010segmentation,
  title        = {Segmentation and classification of histological images-application of graph analysis and machine learning methods},
  author       = {Francisco de Assis Zampirolli and Beatriz Stransky and Ana Carolina Lorena and F{\'a}bio Luis de Melo Paulon},
  booktitle    = {2010 23rd SIBGRAPI Conference on Graphics, Patterns and Images},
  pages        = {331--338},
  year         = {2010},
  organization = {IEEE}
}



